../../../texlive-base/bibtex/base/btxdoc.bib